 
@misc {SICM,
    note = "G. J. Sussman, J. Wisdom och M. E. Mayer, \textit{Structure and Interpretation of Classical Mechanics}. Cambridge, MA, USA: MIT, 2001. [Online]. Tillgänglig: \url{https://mitpress.mit.edu/sites/default/files/titles/content/sicm/book.html}, hämtad: 2018-03-07."
}
@misc {LYAH,
    note = "M. Lipovača, ``Learn You a Haskell for Great Good!: A Beginner's Guide'', 2011. [Online]. Tillgänglig: \url{http://learnyouahaskell.com/chapters}, hämtad: 2018-03-08."
}
@misc {UP,
    note = "H. D. Young och R. A. Freedman, \textit{University Physics with Modern Physics}, Harlow, England: Pearson Education Limited, 2015."
}
@misc{DSLU,
    note = "D. Ghosh, ``DSL for the Uninitiated'', \textit{Queue}, vol. 9, nr. 6, s. 10-21, jun. 2011. [Online]. Tillgänglig: \url{https://doi.org/10.1145/1989748.1989750}, hämtad: 2018-03-07."
}
@misc{tentastatistik,
    note = "G. Johansson, ``Statistik över kursresultat'', 2018. [Online]. Tillgänglig: \url{http://document.chalmers.se/doc/00000000-0000-0000-0000-00001C968DC6}, hämtad: 2018-01-30."
}
@misc{lecture-notes,
    note = "C. Ionescu och P. Jansson, ``Domain Specific Languages of Mathematics: Lecture Notes'', 2018. [Online]. Tillgänglig: \url{https://github.com/DSLsofMath/DSLsofMath/tree/master/L/snapshots}, hämtad: 2018-01-30."
}
@misc{tfpie2015,
  note = "C. Ionescu och P. Jansson, ``Domain-Specific Languages of Mathematics: Presenting Mathematical Analysis Using Functional Programming'', i \textit{Proceedings of the 4th and 5th International Workshop on Trends in Functional Programming in Education}, Sophia-Antipolis, France and University of Maryland College Park, USA, 2015, ss. 1-15. [Online]. Tillgänglig: https://doi.org/10.4204/EPTCS.230.1, hämtad: 2018-01-30."
}
@misc{classical-mechanics-course-mit-2008,
  note = "G. J. Sussman och J. Wisdom, ``Classical Mechanics: A Computational Approach'', 2008. [Online]. Tillgänglig: url{https://ocw.mit.edu/courses/earth-atmospheric-and-planetary-sciences/12-620j-classical-mechanics-a-computational-approach-fall-2008/}, hämtad: 2018-01-30."
}
@misc{kandidat2016,
  note = "F. Lindahl, C. Rosvall, P. Ngo, J. Jonsson och J. Olsson, ``Programmering som undervisningsverktyg för Transformer, signaler och system: Utveckling av läromaterialet TSS med DSL'', Chalmers tekniska högskola, Göteborg, Sverige, 2016."
}

@misc{GPL,
  note = "Free Software Foundation, ``GNU General Public License'', 2007. [Online]. Tillgänglig: \url{http://www.gnu.org/licenses/gpl.html}, hämtad: 2018-03-08."
}
