 @BOOK {SICM,
    author    = "{Gerald Jay Sussman} and {Jack Wisdom}",
    title     = "Structure and Interpretation of Classical Mechanics",
    publisher = "The MIT Press",
    year      = "2001"
}
@BOOK {LYAH,
    author    = "{Miran Lipovaca}",
    title     = "Learn You a Haskell for Great Good{!:} A Beginner's Guide",
    publisher = "No Starch Press",
    year      = "2011"
}
@ARTICLE {DSLU,
    author  = "{Debasish Ghosh}",
    title   = "DSL for the Uninitiated",
    journal = "Communications of the ACM",
    year    = "2011",
    volume  = "54"
}
@misc{tentastatistik,
    author = "{Johan Bowald (sida)}, {Gösta Johansson (exceldokument)}",
    title  = "Exam Statistics at Chalmers, [TIF085] fysik för ingenjörer",
    howpublished = "\url{http://tenta.bowald.se/#/search/statistics/TIF085/chart}",
    note = "Accessed 2018-01-30"
}
@misc{lecture-notes,
    author = "{Patrik Jansson}, {Cezan Ionescu}",
    title = "Domain Specific Languages of Mathematics: Lecture Notes",
    howpublished = "\url{https://github.com/DSLsofMath/DSLsofMath/blob/343aabe8f8c4fc9bfca105772269cbdf698f1939/L/snapshots/DSLsofMathNotes_2018-01-24.pdf}",
    note = "Accessed 2018-01-30"
}
@Inproceedings{tfpie2015,
  author    = {Ionescu, Cezar and Jansson, Patrik},
  year      = {2016},
  title     = {Domain-Specific Languages of Mathematics: Presenting Mathematical Analysis Using Functional Programming},
  editor    = {Jeuring, Johan and McCarthy, Jay},
  booktitle = {Proceedings of the 4th and 5th International Workshop on
               Trends in Functional Programming in Education,
               Sophia-Antipolis, France and University of Maryland College Park, USA, 2nd June 2015 and 7th June 2016},
  series    = {Electronic Proceedings in Theoretical Computer Science},
  volume    = {230},
  publisher = {Open Publishing Association},
  pages     = {1--15},
  doi       = {10.4204/EPTCS.230.1},
}
@misc{classical-mechanics-course-mit-2008,
    author = "{Gerald Jay Sussman}, {Jack Wisdom}, Massachusetts Institute of Technology",
    title = "Classical Mechanics: A Computational Approach",
    howpublished = "\url{https://ocw.mit.edu/courses/earth-atmospheric-and-planetary-sciences/12-620j-classical-mechanics-a-computational-approach-fall-2008/}",
    note = "Accessed 2018-01-30",
}